@inproceedings{Anton2005XPathWrapperIB,
	title={XPath-Wrapper Induction by generating tree traversal patterns},
	author={Tobias Anton},
	booktitle={LWA},
	year={2005}
}

@article{dalvi2011automatic,
	title={Automatic wrappers for large scale web extraction},
	author={Dalvi, Nilesh and Kumar, Ravi and Soliman, Mohamed},
	journal={Proceedings of the VLDB Endowment},
	volume={4},
	number={4},
	pages={219--230},
	year={2011},
	publisher={VLDB Endowment}
}
@inproceedings{Le2014FlashExtractAF,
	title={FlashExtract: a framework for data extraction by examples},
	author={Vu Le and Sumit Gulwani},
	booktitle={PLDI},
	year={2014}
}

@article{yaghmazadeh2018automated,
	title={Automated migration of hierarchical data to relational tables using programming-by-example},
	author={Yaghmazadeh, Navid and Wang, Xinyu and Dillig, Isil},
	journal={Proceedings of the VLDB Endowment},
	volume={11},
	number={5},
	pages={580--593},
	year={2018},
	publisher={VLDB Endowment}
}